<?xml version="1.0" encoding="UTF-8"?><collection xmlns="http://www.loc.gov/MARC21/slim"><record><leader>00443nam--2200133-i-4500</leader><controlfield tag="001">000022883</controlfield><controlfield tag="002">20161230</controlfield><controlfield tag="005">20161230201034</controlfield><controlfield tag="008">060222s1000------------r-----000-0-eng-d</controlfield><datafield ind1=" " ind2=" " tag="080"><subfield code="a">621.039.58</subfield></datafield><datafield ind1=" " ind2=" " tag="100"><subfield code="a">Jacobi,  W., Eichler, J.Und Stolterfoht, N</subfield></datafield><datafield ind1=" " ind2=" " tag="245"><subfield code="a">Korrelation zwischen dem fallout aus kernwaffen-versuchen und der spaltproduktaktivitat im flausswasser</subfield></datafield><datafield ind1=" " ind2=" " tag="260"><subfield code="a">Berlin-wannsee, Hahn-meitner-institut, 1969, 56 P</subfield></datafield><datafield ind1=" " ind2=" " tag="852"><subfield code="a">14430</subfield></datafield></record></collection>